@misc{ytvid,
  author       = {Constantine Caramanis},
  title        = {8.2 {Q}uasi {N}ewton and {BFGS}},
  year         = {2020},
  howpublished = {YouTube video},
  note         = {Published November 12, 2020. Available at: \url{https://www.youtube.com/watch?v=QGFct_3HMzk}}
}
